<?xml version="1.0" encoding="UTF-8"?><collection xmlns="http://www.loc.gov/MARC21/slim"><record><leader>00479nam--2200193-i-4500</leader><controlfield tag="001">000015865</controlfield><controlfield tag="002">20161230</controlfield><controlfield tag="005">20161230201031</controlfield><controlfield tag="008">060222s1000------------r-----000-0-eng-d</controlfield><datafield ind1=" " ind2=" " tag="020"><subfield code="a">071675004X</subfield></datafield><datafield ind1=" " ind2=" " tag="040"><subfield code="a">IFIN-HH</subfield></datafield><datafield ind1=" " ind2=" " tag="080"><subfield code="a">536.73</subfield></datafield><datafield ind1="1" ind2=" " tag="100"><subfield code="a">Atkins, P.W</subfield></datafield><datafield ind1="1" ind2="0" tag="245"><subfield code="a">The second law</subfield><subfield code="c">P.w. atkins</subfield></datafield><datafield ind1=" " ind2=" " tag="260"><subfield code="a">New York</subfield><subfield code="b">Scientific American Library</subfield><subfield code="c">1984</subfield></datafield><datafield ind1=" " ind2=" " tag="300"><subfield code="a">IX + 230 P</subfield></datafield><datafield ind1=" " ind2=" " tag="650"><subfield code="a">Themodynamics</subfield></datafield><datafield ind1=" " ind2=" " tag="852"><subfield code="a">73931</subfield><subfield code="c">536.7</subfield></datafield><datafield ind1=" " ind2=" " tag="CAT"><subfield code="a">Sys</subfield><subfield code="c">20110601</subfield><subfield code="h">161707</subfield></datafield></record></collection>